

@book{wikipedia,
  title={Internet},
  author={Human},
  year={2020},
  publisher={wikibooksorg}
}


